@article{DBLP:journals/corr/SmithP14,
  author    = {Fabrizio Smith and
               Maurizio Proietti},
  title     = {Ontology-based Representation and Reasoning on Process Models: {A}
               Logic Programming Approach},
  journal   = {CoRR},
  volume    = {abs/1410.1776},
  year      = {2014},
  url       = {http://arxiv.org/abs/1410.1776},
  timestamp = {Sun, 02 Nov 2014 11:25:59 +0100},
  biburl    = {http://dblp.uni-trier.de/rec/bib/journals/corr/SmithP14},
  bibsource = {dblp computer science bibliography, http://dblp.org}
}


@book{Anderson:2006:LTW:1197299,
 author = {Anderson, Chris},
 title = {The Long Tail: Why the Future of Business Is Selling Less of More},
 year = {2006},
 isbn = {1401302378},
 publisher = {Hyperion},
} 


@article{Bobadilla2013109,
title = "Recommender systems survey ",
journal = "Knowledge-Based Systems ",
volume = "46",
number = "",
pages = "109 - 132",
year = "2013",
note = "",
issn = "0950-7051",
doi = "http://dx.doi.org/10.1016/j.knosys.2013.03.012",
url = "http://www.sciencedirect.com/science/article/pii/S0950705113001044",
author = "J. Bobadilla and F. Ortega and A. Hernando and A. Gutiérrez",
keywords = "Recommender systems",
keywords = "Collaborative filtering",
keywords = "Similarity measures",
keywords = "Evaluation metrics",
keywords = "Prediction",
keywords = "Recommendation",
keywords = "Hybrid",
keywords = "Social",
keywords = "Internet of things",
keywords = "Cold-start ",
abstract = "Abstract Recommender systems have developed in parallel with the web. They were initially based on demographic, content-based and collaborative filtering. Currently, these systems are incorporating social information. In the future, they will use implicit, local and personal information from the Internet of things. This article provides an overview of recommender systems as well as collaborative filtering methods and algorithms; it also explains their evolution, provides an original classification for these systems, identifies areas of future implementation and develops certain areas selected for past, present or future importance. "
}

@MASTERSTHESIS {Zaccara2012,
    author  = "Zaccara, Rodrigo Constantin Ctenas",
    title   = "Anotação e classificação automática de entidades nomeadas em notícias esportivas em Português Brasileiro",
    school  = "Instituto de Matemática e Estatística (USP)",
    year    = "2012",
    address = "",
    month   = "jul",
    note    = ""
}

@ARTICLE{Chinchor93evaluatingmessage,
    author = {Nancy Chinchor and Lynette Hirschman and David D. Lewis},
    title = {Evaluating Message Understanding Systems: An Analysis of . . . },
    journal = {COMPUTATIONAL LINGUISTICS},
    year = {1993},
    volume = {19},
    pages = {409--449}
}

@MASTERSTHESIS {Amaral2013,
    author  = "AMARAL, Daniela Oliveira Ferreira do",
    title   = "O reconhecimento de entidades nomeadas por meio de conditional Random Fields para a língua portuguesa",
    school  = "Pontifícia Universidade Católica do Rio Grande do Sul",
    year    = "2013",
    address = "Porto Alegre",
    month   = "mar"
}

@MASTERSTHESIS {SilvaThiago2012,
    author  = "Silva, Tiago Santos da",
    title   = "Reconhecimento de Entidades Nomeadas em Notícias de Governo/ Tiago Santos da Silva",
    school  = "UFRJ/COPPE",
    year    = "2012",
    address = "Rio de Janeiro"
}

@MASTERSTHESIS {DanielMuller2015,
    author  = "MÜLLER, DANIEL NEHME",
    title   = "Reconhecimento Semântico Através de Redes Neurais Artificiais",
    school  = "CPGCC da UFRGS",
    year    = "2015",
    address = "Porto Alegre, RS - BR"
}

@article{DBLP:journals/corr/ZhangL15,
  author    = {Xiang Zhang and
               Yann LeCun},
  title     = {Text Understanding from Scratch},
  journal   = {CoRR},
  volume    = {abs/1502.01710},
  year      = {2015},
  url       = {http://arxiv.org/abs/1502.01710},
  timestamp = {Mon, 02 Mar 2015 14:17:34 +0100},
  biburl    = {http://dblp.uni-trier.de/rec/bib/journals/corr/ZhangL15},
  bibsource = {dblp computer science bibliography, http://dblp.org}
}

@INPROCEEDINGS{Black98facile:description,
    author = {William Black and Fabio Rinaldi and David Mowatt},
    title = {Facile: Description Of The Ne System Used For Muc-7},
    booktitle = {In Proceedings of the 7th Message Understanding Conference},
    year = {1998}
}

@MASTERSTHESIS {Fernades2013,
    author  = "Fernandes, Bruno José Torres",
    title   = "Redes Neurais com Extração Implícita de Características para Reconhecimento de Padrões Visuais",
    school  = "Pontifícia Universidade Católica do Rio Grande do Sul",
    year    = "2013",
    address = "Recife, PE",
    month   = "jun"
}

@article{Adomavicius:2005:TNG:1070611.1070751,
 author = {Adomavicius, Gediminas and Tuzhilin, Alexander},
 title = {Toward the Next Generation of Recommender Systems: A Survey of the State-of-the-Art and Possible Extensions},
 journal = {IEEE Trans. on Knowl. and Data Eng.},
 issue_date = {June 2005},
 volume = {17},
 number = {6},
 month = jun,
 year = {2005},
 issn = {1041-4347},
 pages = {734--749},
 numpages = {16},
 url = {http://dx.doi.org/10.1109/TKDE.2005.99},
 doi = {10.1109/TKDE.2005.99},
 acmid = {1070751},
 publisher = {IEEE Educational Activities Department},
 address = {Piscataway, NJ, USA},
 keywords = {Index Terms- Recommender systems, Recommender systems, collaborative filtering, rating estimation methods, extensions to recommender systems., collaborative filtering, extensions to recommender systems., rating estimation methods},
} 

@article{nadeau2007survey,
  title={A survey of named entity recognition and classification},
  author={Nadeau, David and Sekine, Satoshi},
  journal={Lingvisticae Investigationes},
  volume={30},
  number={1},
  pages={3--26},
  year={2007},
  publisher={John Benjamins publishing company}
}
